@inproceedings{japan,
    title = {Building a Free, General-Domain Paraphrase Database for Japanese},
    author = {Masahiro Mizukami and Graham Neubig and Sakriani Sakti and Tomoki Toda and Satoshi Nakamura},
    booktitle = {The 17th Oriental COCOSDA Conference},
    address = {Phuket, Thailand},
    month = {September},
    url = {http://www.phontron.com/paper/mizukami14cocosda.pdf},
    year = {2014}
}


@article{bojanowski2016enriching,
  title={Enriching Word Vectors with Subword Information},
  author={Bojanowski, Piotr and Grave, Edouard and Joulin, Armand and Mikolov, Tomas},
  journal={arXiv preprint arXiv:1607.04606},
  year={2016}
}



@article{DBLP:journals/corr/MiSWI16,
  author    = {Haitao Mi and
               Baskaran Sankaran and
               Zhiguo Wang and
               Abe Ittycheriah},
  title     = {A Coverage Embedding Model for Neural Machine Translation},
  journal   = {CoRR},
  volume    = {abs/1605.03148},
  year      = {2016},
  url       = {http://arxiv.org/abs/1605.03148},
  timestamp = {Wed, 01 Jun 2016 15:51:08 +0200},
  biburl    = {http://dblp.uni-trier.de/rec/bib/journals/corr/MiSWI16},
  bibsource = {dblp computer science bibliography, http://dblp.org}
}

@inproceedings{Duh:2012:LTM:2390524.2390526,
 author = {Duh, Kevin and Sudoh, Katsuhito and Wu, Xianchao and Tsukada, Hajime and Nagata, Masaaki},
 title = {Learning to Translate with Multiple Objectives},
 booktitle = {Proceedings of the 50th Annual Meeting of the Association for Computational Linguistics: Long Papers - Volume 1},
 series = {ACL '12},
 year = {2012},
 location = {Jeju Island, Korea},
 pages = {1--10},
 numpages = {10},
 url = {http://dl.acm.org/citation.cfm?id=2390524.2390526},
 acmid = {2390526},
 publisher = {Association for Computational Linguistics},
 address = {Stroudsburg, PA, USA},
}

@inproceedings{ganitkevitch2013ppdb, 
  title = {{PPDB}: The Paraphrase Database}, 
  author = {Ganitkevitch, Juri and {Van Durme}, Benjamin and 
    Callison-Burch, Chris}, 
  booktitle = {Proceedings of NAACL-HLT}, 
  pages = {758--764}, 
  month = {June},   year={2013}, 
  address = {Atlanta, Georgia}, 
  publisher = {Association for Computational Linguistics}, 
  url = {http://cs.jhu.edu/~ccb/publications/ppdb.pdf} 
}

@inproceedings{bannard2005bilingual,
 author = {Bannard, Colin and Callison-Burch, Chris},
 title = {Paraphrasing with Bilingual Parallel Corpora},
 booktitle = {Proceedings of the 43rd Annual Meeting on Association for Computational Linguistics},
 series = {ACL '05},
 year = {2005},
 location = {Ann Arbor, Michigan},
 pages = {597--604},
 numpages = {8},
 url = {https://doi.org/10.3115/1219840.1219914},
 doi = {10.3115/1219840.1219914},
 acmid = {1219914},
 publisher = {Association for Computational Linguistics},
 address = {Stroudsburg, PA, USA}
} 


https://catalog.ldc.upenn.edu/LDC2004T17

@MISC{Koehn_europarl,
    author = {Philipp Koehn},
    title = {Europarl: A Parallel Corpus for Statistical Machine Translation},
    year = {2005},
    howpublished = {http://www.statmt.org/europarl/}
}



@book{Gusfield:97,
    author  = {Dan Gusfield},
    title   = {Algorithms on Strings, Trees and Sequences},
    year    = "1997",
    publisher = {Cambridge University Press},
    address = {Cambridge, UK}
}
@Inbook{Bouamor2010,
author="Bouamor, Houda
and Max, Aur{\'e}lien
and Vilnat, Anne",
editor="Loftsson, Hrafn
and R{\"o}gnvaldsson, Eir{\'i}kur
and Helgad{\'o}ttir, Sigr{\'u}n",
title="Comparison of Paraphrase Acquisition Techniques on Sentential Paraphrases",
bookTitle="Advances in Natural Language Processing: 7th International Conference on NLP, IceTAL 2010, Reykjavik, Iceland, August 16-18, 2010",
year="2010",
publisher="Springer Berlin Heidelberg",
address="Berlin, Heidelberg",
pages="67--78",
isbn="978-3-642-14770-8",
doi="10.1007/978-3-642-14770-8_9",
url="http://dx.doi.org/10.1007/978-3-642-14770-8_9"
}

@ARTICLE{och03:asc,
AUTHOR = {Franz Josef Och and Hermann Ney},
TITLE = {A Systematic Comparison of Various Statistical Alignment Models},
JOURNAL= {Computational Linguistics}, 
NUMBER = 1,
VOLUME = 29,
YEAR = 2003,
PAGES = {19--51}}

@misc{data1,
author = {Xiaoyi, Ma and Zakhary, Dalal  and Bamba, Moussa},
title =  {Arabic News Translation Text Part 1 LDC2004T17},
publisher = {Linguistic Data Consortium},
year = {2004},
howpublished = {\url{https://catalog.ldc.upenn.edu/LDC2004T17}},
url = {\url{https://catalog.ldc.upenn.edu/LDC2004T17}}
}

@misc{data2,
author = {Xiaoyi, Ma and Zakhary, Dalal  and Bamba, Moussa},
title =  {Arabic News Translation Text Part 1 LDC2004T17},
publisher = {Linguistic Data Consortium},
year = {2004},
howpublished = {\url{https://catalog.ldc.upenn.edu/LDC2004T17}},
url = {\url{https://catalog.ldc.upenn.edu/LDC2004T17}}
}

@misc{data2,
title =  {Arabic English Parallel News Part 1},
publisher = {Linguistic Data Consortium},
year = {2004},
howpublished = {\url{https://catalog.ldc.upenn.edu/LDC2004T18}},
url = {\url{https://catalog.ldc.upenn.edu/LDC2004T18}}
}

@misc{turker,
author = {Denkowski, Michael and Al-Haj, Hassan and  Lavie, Alon},
title = {Turker-Assisted Paraphrasing for English-Arabic Machine Translation},
howpublished = {https://www.cs.cmu.edu/~mdenkows/pdf/paraphrase-mturk-2010.pdf},
url = {https://www.cs.cmu.edu/~mdenkows/pdf/paraphrase-mturk-2010.pdf}
}
