@inproceedings{japan,
    title = {Building a Free, General-Domain Paraphrase Database for Japanese},
    author = {Masahiro Mizukami and Graham Neubig and Sakriani Sakti and Tomoki Toda and Satoshi Nakamura},
    booktitle = {The 17th Oriental COCOSDA Conference},
    address = {Phuket, Thailand},
    month = {September},
    url = {http://www.phontron.com/paper/mizukami14cocosda.pdf},
    year = {2014}
}

@inproceedings{Salloum:2011:DSA:2140533.2140535,
 author = {Salloum, Wael and Habash, Nizar},
 title = {Dialectal to Standard Arabic Paraphrasing to Improve Arabic-English Statistical Machine Translation},
 booktitle = {Proceedings of the First Workshop on Algorithms and Resources for Modelling of Dialects and Language Varieties},
 series = {DIALECTS '11},
 year = {2011},
 isbn = {978-1-937284-17-6},
 location = {Edinburgh, Scotland},
 pages = {10--21},
 numpages = {12},
 url = {http://dl.acm.org/citation.cfm?id=2140533.2140535},
 acmid = {2140535},
 publisher = {Association for Computational Linguistics},
 address = {Stroudsburg, PA, USA}
}

@inproceedings{sim2,
 author = {Corley, Courtney and Mihalcea, Rada},
 title = {Measuring the Semantic Similarity of Texts},
 booktitle = {Proceedings of the ACL Workshop on Empirical Modeling of Semantic Equivalence and Entailment},
 series = {EMSEE '05},
 year = {2005},
 location = {Ann Arbor, Michigan},
 pages = {13--18},
 numpages = {6},
 url = {http://dl.acm.org/citation.cfm?id=1631862.1631865},
 acmid = {1631865},
 publisher = {Association for Computational Linguistics},
 address = {Stroudsburg, PA, USA}
} 

@article{sim4,
  author    = {John Wieting and
               Mohit Bansal and
               Kevin Gimpel and
               Karen Livescu},
  title     = {Towards Universal Paraphrastic Sentence Embeddings},
  journal   = {CoRR},
  volume    = {abs/1511.08198},
  year      = {2015},
  url       = {http://arxiv.org/abs/1511.08198},
  timestamp = {Tue, 01 Dec 2015 19:22:34 +0100},
  biburl    = {http://dblp.uni-trier.de/rec/bib/journals/corr/WietingBGL15a}
}

@inproceedings{sim3,
 author = {Agirre, Eneko and Alfonseca, Enrique and Hall, Keith and Kravalova, Jana and Pa\c{s}ca, Marius and Soroa, Aitor},
 title = {A Study on Similarity and Relatedness Using Distributional and WordNet-based Approaches},
 booktitle = {Proceedings of Human Language Technologies: The 2009 Annual Conference of the North American Chapter of the Association for Computational Linguistics},
 series = {NAACL '09},
 year = {2009},
 isbn = {978-1-932432-41-1},
 location = {Boulder, Colorado},
 pages = {19--27},
 numpages = {9},
 url = {http://dl.acm.org/citation.cfm?id=1620754.1620758},
 acmid = {1620758},
 publisher = {Association for Computational Linguistics},
 address = {Stroudsburg, PA, USA}
} 
@inproceedings{sim1,
 author = {Ferreira, Rafael and Lins, Rafael Dueire and Freitas, Fred and Simske, Steven J. and Riss, Marcelo},
 title = {A New Sentence Similarity Assessment Measure Based on a Three-layer Sentence Representation},
 booktitle = {Proceedings of the 2014 ACM Symposium on Document Engineering},
 series = {DocEng '14},
 year = {2014},
 isbn = {978-1-4503-2949-1},
 location = {Fort Collins, Colorado, USA},
 pages = {25--34},
 numpages = {10},
 url = {http://doi.acm.org/10.1145/2644866.2644881},
 doi = {10.1145/2644866.2644881},
 acmid = {2644881},
 publisher = {ACM},
 address = {New York, NY, USA},
 keywords = {graph-based model, inductive logic programming, relation extraction, sentence simplification}
} 

@article{bojanowski2016enriching,
  title={Enriching Word Vectors with Subword Information},
  author={Bojanowski, Piotr and Grave, Edouard and Joulin, Armand and Mikolov, Tomas},
  journal={arXiv preprint arXiv:1607.04606},
  year={2016}
}



@article{DBLP:journals/corr/MiSWI16,
  author    = {Haitao Mi and
               Baskaran Sankaran and
               Zhiguo Wang and
               Abe Ittycheriah},
  title     = {A Coverage Embedding Model for Neural Machine Translation},
  journal   = {CoRR},
  volume    = {abs/1605.03148},
  year      = {2016},
  url       = {http://arxiv.org/abs/1605.03148},
  timestamp = {Wed, 01 Jun 2016 15:51:08 +0200},
  biburl    = {http://dblp.uni-trier.de/rec/bib/journals/corr/MiSWI16}
}

@inproceedings{app1,
 author = {Koehn, Philipp and Och, Franz Josef and Marcu, Daniel},
 title = {Statistical Phrase-based Translation},
 booktitle = {Proceedings of the 2003 Conference of the North American Chapter of the Association for Computational Linguistics on Human Language Technology - Volume 1},
 series = {NAACL '03},
 year = {2003},
 location = {Edmonton, Canada},
 pages = {48--54},
 numpages = {7},
 url = {http://dx.doi.org/10.3115/1073445.1073462},
 doi = {10.3115/1073445.1073462},
 acmid = {1073462},
 publisher = {Association for Computational Linguistics},
 address = {Stroudsburg, PA, USA}
} 

@inproceedings{app2,
 author = {Zhou, Liang and Lin, Chin-Yew and Munteanu, Dragos Stefan and Hovy, Eduard},
 title = {ParaEval: Using Paraphrases to Evaluate Summaries Automatically},
 booktitle = {Proceedings of the Main Conference on Human Language Technology Conference of the North American Chapter of the Association of Computational Linguistics},
 series = {HLT-NAACL '06},
 year = {2006},
 location = {New York, New York},
 pages = {447--454},
 numpages = {8},
 url = {http://dx.doi.org/10.3115/1220835.1220892},
 doi = {10.3115/1220835.1220892},
 acmid = {1220892},
 publisher = {Association for Computational Linguistics},
 address = {Stroudsburg, PA, USA}
} 

@inproceedings{app3,
 author = {Callison-Burch, Chris and Koehn, Philipp and Osborne, Miles},
 title = {Improved Statistical Machine Translation Using Paraphrases},
 booktitle = {Proceedings of the Main Conference on Human Language Technology Conference of the North American Chapter of the Association of Computational Linguistics},
 series = {HLT-NAACL '06},
 year = {2006},
 location = {New York, New York},
 pages = {17--24},
 numpages = {8},
 url = {http://dx.doi.org/10.3115/1220835.1220838},
 doi = {10.3115/1220835.1220838},
 acmid = {1220838},
 publisher = {Association for Computational Linguistics},
 address = {Stroudsburg, PA, USA}
} 

@Inbook{app4,
author="Zukerman, Ingrid
and Raskutti, Bhavani
and Wen, Yingying",
title="Experiments in Query Paraphrasing for Information Retrieval",
bookTitle="AI 2002: Advances in Artificial Intelligence: 15th Australian Joint Conference on Artificial Intelligence Canberra, Australia, December 2--6, 2002 Proceedings",
year="2002",
publisher="Springer Berlin Heidelberg",
address="Berlin, Heidelberg",
pages="24--35",
isbn="978-3-540-36187-9",
doi="10.1007/3-540-36187-1_3",
url="http://dx.doi.org/10.1007/3-540-36187-1_3"
}

@inproceedings{app5,
 author = {Rinaldi, Fabio and Dowdall, James and Kaljurand, Kaarel and Hess, Michael and Moll\'{a}, Diego},
 title = {Exploiting Paraphrases in a Question Answering System},
 booktitle = {Proceedings of the Second International Workshop on Paraphrasing - Volume 16},
 series = {PARAPHRASE '03},
 year = {2003},
 location = {Sapporo, Japan},
 pages = {25--32},
 numpages = {8},
 url = {http://dx.doi.org/10.3115/1118984.1118988},
 doi = {10.3115/1118984.1118988},
 acmid = {1118988},
 publisher = {Association for Computational Linguistics},
 address = {Stroudsburg, PA, USA}
} 

@INPROCEEDINGS{app6,
    author = {Peter Wallis Dept and Peter Wallis},
    title = {Information Retrieval based on Paraphrase},
    booktitle = {In Proceedings of PACLING Conference},
    year = {1993}
}

@inproceedings{parasimple,
  author    = {Ellie Pavlick and
               Chris Callison{-}Burch},
  title     = {Simple {PPDB:} {A} Paraphrase Database for Simplification},
  booktitle = {Proceedings of the 54th Annual Meeting of the Association for Computational
               Linguistics, {ACL} 2016, August 7-12, 2016, Berlin, Germany, Volume
               2: Short Papers},
  year      = {2016},
  crossref  = {DBLP:conf/acl/2016-2},
  url       = {http://aclweb.org/anthology/P/P16/P16-2024.pdf},
  timestamp = {Tue, 16 Aug 2016 10:16:33 +0200},
  biburl    = {http://dblp.uni-trier.de/rec/bib/conf/acl/PavlickC16a}
}

@inproceedings{Duh:2012:LTM:2390524.2390526,
 author = {Duh, Kevin and Sudoh, Katsuhito and Wu, Xianchao and Tsukada, Hajime and Nagata, Masaaki},
 title = {Learning to Translate with Multiple Objectives},
 booktitle = {Proceedings of the 50th Annual Meeting of the Association for Computational Linguistics: Long Papers - Volume 1},
 series = {ACL '12},
 year = {2012},
 location = {Jeju Island, Korea},
 pages = {1--10},
 numpages = {10},
 url = {http://dl.acm.org/citation.cfm?id=2390524.2390526},
 acmid = {2390526},
 publisher = {Association for Computational Linguistics},
 address = {Stroudsburg, PA, USA},
}

@inproceedings{ganitkevitch2013, 
  title = {{PPDB}: The Paraphrase Database}, 
  author = {Ganitkevitch, Juri and {Van Durme}, Benjamin and 
    Callison-Burch, Chris}, 
  booktitle = {Proceedings of NAACL-HLT}, 
  pages = {758--764}, 
  month = {June},   year={2013}, 
  address = {Atlanta, Georgia}, 
  publisher = {Association for Computational Linguistics}, 
  url = {http://cs.jhu.edu/~ccb/publications/ppdb.pdf} 
}

@inproceedings{bannard2005bilingual,
 author = {Bannard, Colin and Callison-Burch, Chris},
 title = {Paraphrasing with Bilingual Parallel Corpora},
 booktitle = {Proceedings of the 43rd Annual Meeting on Association for Computational Linguistics},
 series = {ACL '05},
 year = {2005},
 location = {Ann Arbor, Michigan},
 pages = {597--604},
 numpages = {8},
 url = {https://doi.org/10.3115/1219840.1219914},
 doi = {10.3115/1219840.1219914},
 acmid = {1219914},
 publisher = {Association for Computational Linguistics},
 address = {Stroudsburg, PA, USA}
} 


%https://catalog.ldc.upenn.edu/LDC2004T17

@MISC{Koehn_europarl,
    author = {Philipp Koehn},
    title = {Europarl: A Parallel Corpus for Statistical Machine Translation},
    year = {2005},
    howpublished = {http://www.statmt.org/europarl/}
}

@proceedings{DBLP:conf/acl/2016-2,
  title     = {Proceedings of the 54th Annual Meeting of the Association for Computational
               Linguistics, {ACL} 2016, August 7-12, 2016, Berlin, Germany, Volume
               2: Short Papers},
  publisher = {The Association for Computer Linguistics},
  year      = {2016},
  url       = {http://aclanthology.info/volumes/proceedings-of-the-54th-annual-meeting-of-the-association-for-computational-linguistics-volume-2-short-papers},
  isbn      = {978-1-945626-01-2},
  timestamp = {Tue, 16 Aug 2016 10:16:33 +0200},
  biburl    = {http://dblp.uni-trier.de/rec/bib/conf/acl/2016-2},
  bibsource = {dblp computer science bibliography, http://dblp.org}
}



@book{Gusfield:97,
    author  = {Dan Gusfield},
    title   = {Algorithms on Strings, Trees and Sequences},
    year    = "1997",
    publisher = {Cambridge University Press},
    address = {Cambridge, UK}
}
@Inbook{Bouamor2010,
author="Bouamor, Houda
and Max, Aur{\'e}lien
and Vilnat, Anne",
title="Comparison of Paraphrase Acquisition Techniques on Sentential Paraphrases",
bookTitle="Advances in Natural Language Processing: 7th International Conference on NLP, IceTAL 2010, Reykjavik, Iceland, August 16-18, 2010",
year="2010",
publisher="Springer Berlin Heidelberg",
address="Berlin, Heidelberg",
pages="67--78",
isbn="978-3-642-14770-8",
doi="10.1007/978-3-642-14770-8_9",
url="http://dx.doi.org/10.1007/978-3-642-14770-8_9"
}

@ARTICLE{och03:asc,
AUTHOR = {Franz Josef Och and Hermann Ney},
TITLE = {A Systematic Comparison of Various Statistical Alignment Models},
JOURNAL= {Computational Linguistics}, 
NUMBER = 1,
VOLUME = 29,
YEAR = 2003,
PAGES = {19--51}}

@misc{data1,
author = {Xiaoyi, Ma and Zakhary, Dalal  and Bamba, Moussa},
title =  {Arabic News Translation Text Part 1 LDC2004T17},
publisher = {Linguistic Data Consortium},
year = {2004},
howpublished = {\url{https://catalog.ldc.upenn.edu/LDC2004T17}},
url = {\url{https://catalog.ldc.upenn.edu/LDC2004T17}}
}

@InProceedings{manning,
  author    = {Manning, Christopher D. and  Surdeanu, Mihai  and  Bauer, John  and  Finkel, Jenny  and  Bethard, Steven J. and  McClosky, David},
  title     = {The {Stanford} {CoreNLP} Natural Language Processing Toolkit},
  booktitle = {Association for Computational Linguistics (ACL) System Demonstrations},
  year      = {2014},
  pages     = {55--60},
  url       = {http://www.aclweb.org/anthology/P/P14/P14-5010}
}

@misc{data2,
title =  {Arabic English Parallel News Part 1},
publisher = {Linguistic Data Consortium},
year = {2004},
howpublished = {\url{https://catalog.ldc.upenn.edu/LDC2004T18}},
url = {https://catalog.ldc.upenn.edu/LDC2004T18}
}

@misc{data3,
author = {David Graff and Kevin Walker},
title =  {Arabic Newswire Part 1},
publisher = {Linguistic Data Consortium},
year = {2001},
howpublished = {\url{https://catalog.ldc.upenn.edu/LDC2001T55}},
url = {https://catalog.ldc.upenn.edu/LDC2001T55}
}
%ISBN = {1-58563-190-6},


@misc{turker,
author = {Denkowski, Michael and Al-Haj, Hassan and  Lavie, Alon},
title = {Turker-Assisted Paraphrasing for English-Arabic Machine Translation},
howpublished = {https://www.cs.cmu.edu/~mdenkows/pdf/paraphrase-mturk-2010.pdf},
year={2010},
url = {https://www.cs.cmu.edu/~mdenkows/pdf/paraphrase-mturk-2010.pdf}
}
